%% This BibTeX bibliography file was created using BibDesk.
%% http://bibdesk.sourceforge.net/


%% Created for Marvin Rausand at 2011-06-16 13:34:49 +0200 


%% Saved with string encoding Western (Windows Latin 1) 



@inproceedings{DBLP:conf/emsoft/VitekK11,
  author    = {Jan Vitek and
               Tomas Kalibera},
  title     = {Repeatability, reproducibility, and rigor in systems research},
  booktitle = {Proceedings of the 11th International Conference on Embedded Software,
               {EMSOFT} 2011, part of the Seventh Embedded Systems Week, ESWeek 2011,
               Taipei, Taiwan, October 9-14, 2011},
  pages     = {33--38},
  year      = {2011},
  crossref  = {DBLP:conf/emsoft/2011},
  url       = {http://doi.acm.org/10.1145/2038642.2038650},
  doi       = {10.1145/2038642.2038650},
  timestamp = {Mon, 05 Dec 2011 19:57:27 +0100},
  biburl    = {https://dblp.org/rec/bib/conf/emsoft/VitekK11},
  bibsource = {dblp computer science bibliography, https://dblp.org}
}

@article{DBLP:journals/cacm/CollbergP16,
  author    = {Christian S. Collberg and
               Todd A. Proebsting},
  title     = {Repeatability in computer systems research},
  journal   = {Commun. {ACM}},
  volume    = {59},
  number    = {3},
  pages     = {62--69},
  year      = {2016},
  url       = {http://doi.acm.org/10.1145/2812803},
  doi       = {10.1145/2812803},
  timestamp = {Thu, 25 Feb 2016 18:39:51 +0100},
  biburl    = {https://dblp.org/rec/bib/journals/cacm/CollbergP16},
  bibsource = {dblp computer science bibliography, https://dblp.org}
}

@inproceedings{DBLP:conf/popl/Vitek15,
  author    = {Jan Vitek},
  title     = {Repeatability, reproducibility and rigor in {CS} research},
  booktitle = {Proceedings of the Programming Languages Mentoring Workshop, PLMW@POPL
               2015, Mumbai, India, January 14, 2015},
  pages     = {12:1},
  year      = {2015},
  crossref  = {DBLP:conf/popl/2015plmw},
  url       = {http://doi.acm.org/10.1145/2792434.2792446},
  doi       = {10.1145/2792434.2792446},
  timestamp = {Thu, 02 Mar 2017 18:03:12 +0100},
  biburl    = {https://dblp.org/rec/bib/conf/popl/Vitek15},
  bibsource = {dblp computer science bibliography, https://dblp.org}
}

@proceedings{DBLP:conf/pldi/2011,
  editor    = {Mary W. Hall and
               David A. Padua},
  title     = {Proceedings of the 32nd {ACM} {SIGPLAN} Conference on Programming
               Language Design and Implementation, {PLDI} 2011, San Jose, CA, USA,
               June 4-8, 2011},
  publisher = {{ACM}},
  year      = {2011},
  isbn      = {978-1-4503-0663-8},
  timestamp = {Tue, 07 Jun 2011 16:07:38 +0200},
  biburl    = {https://dblp.org/rec/bib/conf/pldi/2011},
  bibsource = {dblp computer science bibliography, https://dblp.org}
}

@article{DBLP:journals/jetai/Drummond18,
  author    = {Chris Drummond},
  title     = {Reproducible research: a minority opinion},
  journal   = {J. Exp. Theor. Artif. Intell.},
  volume    = {30},
  number    = {1},
  pages     = {1--11},
  year      = {2018},
  url       = {https://doi.org/10.1080/0952813X.2017.1413140},
  doi       = {10.1080/0952813X.2017.1413140},
  timestamp = {Wed, 07 Feb 2018 13:19:43 +0100},
  biburl    = {https://dblp.org/rec/bib/journals/jetai/Drummond18},
  bibsource = {dblp computer science bibliography, https://dblp.org}
}

@misc{plos,
author    = {Alison Mudditt},
  title = {PLOS.},
  howpublished = {\url{http://www.plos.org}},
    year = {2018},
  month = {03},
}
@misc{natm,
author    = {Nature Publishing Group},
  title = {Nature Methods.},
  howpublished = {\url{http://www.nature.com}},
    year = {2018},
  month = {03},
}

@misc{nih,
author    = {Francis S. Collins},
  title = {National Institutes of Health.},
  howpublished = {\url{http://www.nih.gov}},
    year = {2018},
  month = {03},
}

@misc{evcol,
author    = {Faculty of Informatics: USI},
  title = {Evaluate collaboratory: Experimental evaluation of
software and systems in computer science.},
  howpublished = {\url{http://evaluate.inf.usi.ch/}},
    year = {2018},
  month = {03},
}

@misc{snsf,
author    = {Fond national suisse FNS},
  title = {Explanation of the FAIR data principles.},
  howpublished = {\url{http://www.snf.ch/SiteCollectionDocuments/FAIR_principles_translation_SNSF_logo.pdf}},
    year = {2018},
  month = {03},
}

@misc{rrp,
author    = {{Reproducible Research Planet Blog}},
  title = {Reproducible research planet.},
  howpublished = {\url{http://www.rrplanet.com/}},
    year = {2015},
  month = {03},
}

@article{DBLP:journals/corr/abs-1304-3674,
  author    = {Ian P. Gent},
  title     = {The Recomputation Manifesto},
  journal   = {CoRR},
  volume    = {abs/1304.3674},
  year      = {2013},
  url       = {http://arxiv.org/abs/1304.3674},
  archivePrefix = {arXiv},
  eprint    = {1304.3674},
  timestamp = {Wed, 07 Jun 2017 14:42:30 +0200},
  biburl    = {https://dblp.org/rec/bib/journals/corr/abs-1304-3674},
  bibsource = {dblp computer science bibliography, https://dblp.org}
}

@inproceedings{DBLP:conf/psb/KaushikISTDK17,
  author    = {Gaurav Kaushik and
               Sinisa Ivkovic and
               Janko Simonovic and
               Nebojsa Tijanic and
               Brandi Davis{-}Dusenbery and
               Deniz Kural},
  title     = {Rabix: An Open-Source Workflow Executor Supporting Recomputability
               and Interoperability of Workflow Descriptions},
  booktitle = {Biocomputing 2017: Proceedings of the Pacific Symposium, Kohala Coast,
               Hawaii, USA, January 3-7, 2017},
  pages     = {154--165},
  year      = {2017},
  crossref  = {DBLP:conf/psb/2017},
  url       = {http://psb.stanford.edu/psb-online/proceedings/psb17/kaushik.pdf},
  timestamp = {Sun, 07 May 2017 01:27:12 +0200},
  biburl    = {https://dblp.org/rec/bib/conf/psb/KaushikISTDK17},
  bibsource = {dblp computer science bibliography, https://dblp.org}
}

@inproceedings{DBLP:conf/ucc/WehrleLVR14,
  author    = {Dennis Wehrle and
               Thomas Liebetraut and
               Isgandar Valizada and
               Klaus Rechert},
  title     = {Emulation-as-a-Service - Workflows and Infrastructure to Support Recomputable
               Science},
  booktitle = {Proceedings of the 7th {IEEE/ACM} International Conference on Utility
               and Cloud Computing, {UCC} 2014, London, United Kingdom, December
               8-11, 2014},
  pages     = {962--967},
  year      = {2014},
  crossref  = {DBLP:conf/ucc/2014},
  url       = {https://doi.org/10.1109/UCC.2014.157},
  doi       = {10.1109/UCC.2014.157},
  timestamp = {Sun, 21 May 2017 00:19:14 +0200},
  biburl    = {https://dblp.org/rec/bib/conf/ucc/WehrleLVR14},
  bibsource = {dblp computer science bibliography, https://dblp.org}
}

@article{DBLP:journals/dbsk/KrickeGS17,
  author    = {Matthias Kricke and
               Martin Grimmer and
               Michael Schmei{\ss}er},
  title     = {Preserving Recomputability of Results from Big Data Transformation
               Workflows - Depending on External Systems and Human Interactions},
  journal   = {Datenbank-Spektrum},
  volume    = {17},
  number    = {3},
  pages     = {245--253},
  year      = {2017},
  url       = {https://doi.org/10.1007/s13222-017-0265-6},
  doi       = {10.1007/s13222-017-0265-6},
  timestamp = {Wed, 03 Jan 2018 09:42:47 +0100},
  biburl    = {https://dblp.org/rec/bib/journals/dbsk/KrickeGS17},
  bibsource = {dblp computer science bibliography, https://dblp.org}
}

@article{MIAME,
  author    = {Brazma A and 
               Hingamp P and 
               Quackenbush J},
  title     = {Minimum information about a microarray experiment {MIAME}—toward standards for microarray data},
  journal   = {Nat Genet},
  volume    = {29:365–71},
  year      = {2001},
  url       = {http://www.ncbi.nlm.nih.gov/pubmed/11726920}
}
@article{MIABi,
  author    = {Tan T and
              Tong JC and
              Khan AM},
  title     = {Advancing standards for bioinformatics activities: persistence, reproducibility, disambiguation and Minimum Information About a Bioinformatics investigation {MIABi}.},
  journal   = {BMC Genomics},
  volume    = {11:S27},
  year      = {2010},
  url       = {http://www.ncbi.nlm.nih.gov/pubmed/21143811}
}

@misc{ivory,
author    = {C. Titus Brown},
  title = {Living in an Ivory Basement.},
  howpublished = {\url{http://ivory.idyll.org}},
    year = {2018},
  month = {03},
}

@misc{recomputation,
author    = {{University of St. Andrews}},
  title = {Recomputation and best practices.},
  howpublished = {\url{http://recomputation.org}},
    year = {2018},
  month = {03},
}

@misc{bioinformaticszen,
author    = {{Michael Barton}},
  title = {Bioinformatics.},
  howpublished = {\url{http://www.bioinformaticszen.com/}},
    year = {2016},
}

@misc{vmware,
author    = {{Dell Technologies}},
  title = {VMWare.},
  howpublished = {\url{http://www.vmware.com}},
    year = {2018},
  month = {03},
}

@misc{virtualbox,
author    = {{Oracle Corporation}},
  title = {Virtualbox.},
  howpublished = {\url{https://www.virtualbox.org}},
    year = {2018},
  month = {03},
}

@misc{launchpad,
author    = {{Canonical Ltd.}},
  title = {Ububntu Lanchpad.},
  howpublished = {\url{https://launchpad.net/ubuntu-builder}},
    year = {2018},
  month = {03},
}
@misc{relinux,
author    = {{Canonical Ltd., Ubuntu community}}},
  title = {ReLinux Lanchpad.},
  howpublished = {\url{https://launchpad.net/relinux}},
    year = {2018},
  month = {03},
}

@article{DBLP:journals/publications/Thanos17,
  author    = {Costantino Thanos},
  title     = {Research Data Reusability: Conceptual Foundations, Barriers and Enabling
               Technologies},
  journal   = {Publications},
  volume    = {5},
  number    = {1},
  pages     = {2},
  year      = {2017},
  url       = {https://doi.org/10.3390/publications5010002},
  doi       = {10.3390/publications5010002},
  timestamp = {Sat, 27 May 2017 14:23:17 +0200},
  biburl    = {https://dblp.org/rec/bib/journals/publications/Thanos17},
  bibsource = {dblp computer science bibliography, https://dblp.org}
}

@article{DBLP:journals/corr/ThatFYM17,
  author    = {Dai Hai Ton That and
               Gabriel Fils and
               Zhihao Yuan and
               Tanu Malik},
  title     = {Sciunits: Reusable Research Objects},
  journal   = {CoRR},
  volume    = {abs/1707.05731},
  year      = {2017},
  url       = {http://arxiv.org/abs/1707.05731},
  archivePrefix = {arXiv},
  eprint    = {1707.05731},
  timestamp = {Sat, 05 Aug 2017 14:56:06 +0200},
  biburl    = {https://dblp.org/rec/bib/journals/corr/ThatFYM17},
  bibsource = {dblp computer science bibliography, https://dblp.org}
}

@misc{reus1,
  author = {{European Commission}},
  title = {{Commission Recommendation on Access to and Preservation of Scientific Information.}},
  howpublished = {\url{https://ec.europa.eu/research/science-society/document_library/pdf_06/recommendation-access-and-preservation-scientific-information_en.pdf}},
  year = {2012},

}

@misc{reus2,
  author = {{The Netherlands EU Presidency}},
  title = {{Amsterdam Call for Action on Open Science.}},
  howpublished = {\url{https://english.eu2016.nl/documents/reports/2016/04/04/amsterdam-call-for-action-on-open-science}},
  year = {2016},
}
@misc{reus3,
  author = {{European Commission}},
  title = {{Directorate-General for Research & Innovation. {H2020} Programme, Guidelines on FAIR Data Management in Horizon 2020.}},
  howpublished = {\url{http://ec.europa.eu/research/participants/data/ref/h2020/grants_manual/hi/oa_pilot/h2020-hi-oa-data-mgt_en.pdf}},
    year = {2016},
}

@Article{Chavan2011,
author="Chavan, Vishwas
and Penev, Lyubomir",
title="The data paper: a mechanism to incentivize data publishing in biodiversity science",
journal="BMC Bioinformatics",
year="2011",
month="Dec",
day="15",
volume="12",
number="15",
pages="S2",
issn="1471-2105",
doi="10.1186/1471-2105-12-S15-S2",
url="https://doi.org/10.1186/1471-2105-12-S15-S2"
}

@article{DBLP:journals/tods/BienvenuCLW14,
  author    = {Meghyn Bienvenu and
               Balder ten Cate and
               Carsten Lutz and
               Frank Wolter},
  title     = {Ontology-Based Data Access: {A} Study through Disjunctive Datalog,
               CSP, and {MMSNP}},
  journal   = {{ACM} Trans. Database Syst.},
  volume    = {39},
  number    = {4},
  pages     = {33:1--33:44},
  year      = {2014},
  url       = {http://doi.acm.org/10.1145/2661643},
  doi       = {10.1145/2661643},
  timestamp = {Wed, 14 Jun 2017 20:32:28 +0200},
  biburl    = {https://dblp.org/rec/bib/journals/tods/BienvenuCLW14},
  bibsource = {dblp computer science bibliography, https://dblp.org}
}

@article{Gruber:1995:TPD:219666.219701,
 author = {Gruber, Thomas R.},
 title = {Toward Principles for the Design of Ontologies Used for Knowledge Sharing},
 journal = {Int. J. Hum.-Comput. Stud.},
 issue_date = {Nov./Dec. 1995},
 volume = {43},
 number = {5-6},
 month = dec,
 year = {1995},
 issn = {1071-5819},
 pages = {907--928},
 numpages = {22},
 url = {https://doi.org/10.1006/ijhc.1995.1081},
 doi = {10.1006/ijhc.1995.1081},
 acmid = {219701},
 publisher = {Academic Press, Inc.},
 address = {Duluth, MN, USA},
} 

@article{DBLP:journals/jods/PoggiLCGLR08,
  author    = {Antonella Poggi and
               Domenico Lembo and
               Diego Calvanese and
               Giuseppe {De Giacomo} and
               Maurizio Lenzerini and
               Riccardo Rosati},
  title     = {Linking Data to Ontologies},
  journal   = {J. Data Semantics},
  volume    = {10},
  pages     = {133--173},
  year      = {2008},
  crossref  = {DBLP:journals/jods/2008-10},
  url       = {https://doi.org/10.1007/978-3-540-77688-8_5},
  doi       = {10.1007/978-3-540-77688-8_5},
  timestamp = {Tue, 06 Jun 2017 22:19:09 +0200},
  biburl    = {https://dblp.org/rec/bib/journals/jods/PoggiLCGLR08},
  bibsource = {dblp computer science bibliography, https://dblp.org}
}

@misc{Four,
  author = {Fournier G},
  title = {Replicability. Psych Central.},
  howpublished = {\url{https://psychcentral.com/encyclopedia/replicability/}},
  year = {2018},
  month = {03},
}

@misc{For,
  author = {Sharad Sinha},
  title = {Replicability Research.},
  howpublished = {\url{https://www.quora.com/What-is-replicability-in-research-How-does-it-differ-from-plagiarism}},
  year = {2018},
  month = {03},
}

@article{DBLP:journals/corr/FehrHHS16,
  author    = {J{\"{o}}rg Fehr and
               Jan Heiland and
               Christian Himpe and
               Jens Saak},
  title     = {Best Practices for Replicability, Reproducibility and Reusability
               of Computer-Based Experiments Exemplified by Model Reduction Software},
  journal   = {CoRR},
  volume    = {abs/1607.01191},
  year      = {2016},
  url       = {http://arxiv.org/abs/1607.01191},
  archivePrefix = {arXiv},
  eprint    = {1607.01191},
  timestamp = {Wed, 07 Jun 2017 14:41:30 +0200},
  biburl    = {https://dblp.org/rec/bib/journals/corr/FehrHHS16},
  bibsource = {dblp computer science bibliography, https://dblp.org}
}

@inproceedings{DBLP:conf/kolicalling/AhadiHIKP16,
  author    = {Alireza Ahadi and
               Arto Hellas and
               Petri Ihantola and
               Ari Korhonen and
               Andrew Petersen},
  title     = {Replication in computing education research: researcher attitudes
               and experiences},
  booktitle = {Proceedings of the 16th Koli Calling International Conference on Computing
               Education Research, Koli, Finland, November 24-27, 2016},
  pages     = {2--11},
  year      = {2016},
  crossref  = {DBLP:conf/kolicalling/2016},
  url       = {http://dl.acm.org/citation.cfm?id=2999554},
  timestamp = {Thu, 24 Nov 2016 14:45:07 +0100},
  biburl    = {https://dblp.org/rec/bib/conf/kolicalling/AhadiHIKP16},
  bibsource = {dblp computer science bibliography, https://dblp.org}
}

@misc{dblp,
  author = {{University of Trier}},
  title = {{DBLP}. {Digital Bibliography & Library Project}.},
  howpublished = {\url{http://dblp.uni-trier.de/}},
  year = {2018},
  month = {03},
}

@misc{google,
  author = {{Google LLC}},
  title = {Google scholar},
  howpublished = {\url{https://scholar.google.com}},
  year = {2018},
  month = {03},
}

@misc{gith,
  author = {{Oleksii Serhiienko}},
  title = {{EVA1-statistics}},
  howpublished = {\url{https://github.com/lexxito/EVA1-statistics}},
  year = {2018},
  month = {03},
}

@misc{nfsgp,
  author = {{NSF}},
  title = {{The National Science Foundation Grant Proposal Guide}},
  howpublished = {\url{http://www.nsf.gov/pubs/policydocs/pappguide/nsf15001/gpg_index.jsp}},
  year = {2016},
  month = {12},
}

@inproceedings{DBLP:conf/pldi/JaninVD14,
  author    = {Yves Janin and
               C{\'{e}}dric Vincent and
               R{\'{e}}mi Duraffort},
  title     = {CARE, the comprehensive archiver for reproducible execution},
  booktitle = {Proceedings of the 1st {ACM} {SIGPLAN} Workshop on Reproducible Research
               Methodologies and New Publication Models in Computer Engineering,
               {TRUST} 2014, Edinburgh, United Kingdom, June 9-11, 2014},
  pages     = {1:1--1:7},
  year      = {2014},
  crossref  = {DBLP:conf/pldi/2014trust},
  url       = {http://doi.acm.org/10.1145/2618137.2618138},
  doi       = {10.1145/2618137.2618138},
  timestamp = {Tue, 26 May 2015 15:52:16 +0200},
  biburl    = {https://dblp.org/rec/bib/conf/pldi/JaninVD14},
  bibsource = {dblp computer science bibliography, https://dblp.org}
}
@inproceedings{DBLP:conf/iccbr/Recio-GarciaDG13,
  author    = {Juan A. Recio{-}Garc{\'{\i}}a and
               Bel{\'{e}}n D{\'{\i}}az{-}Agudo and
               Pedro A. Gonz{\'{a}}lez{-}Calero},
  title     = {The {COLIBRI} Open Platform for the Reproducibility of {CBR} Applications},
  booktitle = {Case-Based Reasoning Research and Development - 21st International
               Conference, {ICCBR} 2013, Saratoga Springs, NY, USA, July 8-11, 2013.
               Proceedings},
  pages     = {255--269},
  year      = {2013},
  crossref  = {DBLP:conf/iccbr/2013},
  url       = {https://doi.org/10.1007/978-3-642-39056-2_19},
  doi       = {10.1007/978-3-642-39056-2_19},
  timestamp = {Thu, 15 Jun 2017 21:38:27 +0200},
  biburl    = {https://dblp.org/rec/bib/conf/iccbr/Recio-GarciaDG13},
  bibsource = {dblp computer science bibliography, https://dblp.org}
}

@inproceedings{DBLP:conf/infocom/JimenezAALMMR17,
  author    = {Ivo Jimenez and
               Andrea C. Arpaci{-}Dusseau and
               Remzi H. Arpaci{-}Dusseau and
               Jay F. Lofstead and
               Carlos Maltzahn and
               Kathryn Mohror and
               Robert Ricci},
  title     = {{PopperCI}: Automated reproducibility validation},
  booktitle = {2017 {IEEE} Conference on Computer Communications Workshops, {INFOCOM}
               Workshops, Atlanta, GA, USA, May 1-4, 2017},
  pages     = {450--455},
  year      = {2017},
  crossref  = {DBLP:conf/infocom/2017w},
  url       = {https://doi.org/10.1109/INFCOMW.2017.8116418},
  doi       = {10.1109/INFCOMW.2017.8116418},
  timestamp = {Thu, 30 Nov 2017 16:47:38 +0100},
  biburl    = {https://dblp.org/rec/bib/conf/infocom/JimenezAALMMR17},
  bibsource = {dblp computer science bibliography, https://dblp.org}
}
@article{DBLP:journals/corr/abs-1712-05236,
  author    = {Laurent Heirendt and
               Sylvain Arreckx and
               Christophe Trefois and
               Yohan Yarosz and
               Maharshi Vyas and
               Venkata P. Satagopam and
               Reinhard Schneider and
               Ines Thiele and
               Ronan M. T. Fleming},
  title     = {{ARTENOLIS:} Automated Reproducibility and Testing Environment for
               Licensed Software},
  journal   = {CoRR},
  volume    = {abs/1712.05236},
  year      = {2017},
  url       = {http://arxiv.org/abs/1712.05236},
  archivePrefix = {arXiv},
  eprint    = {1712.05236},
  timestamp = {Thu, 04 Jan 2018 12:38:35 +0100},
  biburl    = {https://dblp.org/rec/bib/journals/corr/abs-1712-05236},
  bibsource = {dblp computer science bibliography, https://dblp.org}
}
@inproceedings{DBLP:conf/sigmod/ChirigatiRSF16,
  author    = {Fernando Chirigati and
               R{\'{e}}mi Rampin and
               Dennis E. Shasha and
               Juliana Freire},
  title     = {ReproZip: Computational Reproducibility With Ease},
  booktitle = {Proceedings of the 2016 International Conference on Management of
               Data, {SIGMOD} Conference 2016, San Francisco, CA, USA, June 26 -
               July 01, 2016},
  pages     = {2085--2088},
  year      = {2016},
  crossref  = {DBLP:conf/sigmod/2016},
  url       = {http://doi.acm.org/10.1145/2882903.2899401},
  doi       = {10.1145/2882903.2899401},
  timestamp = {Sat, 16 Sep 2017 12:08:00 +0200},
  biburl    = {https://dblp.org/rec/bib/conf/sigmod/ChirigatiRSF16},
  bibsource = {dblp computer science bibliography, https://dblp.org}
}

@article{DBLP:journals/bmcbi/HatakeyamaORQSR16,
  author    = {Masaomi Hatakeyama and
               Lennart Opitz and
               Giancarlo Russo and
               Weihong Qi and
               Ralph Schlapbach and
               Hubert Rehrauer},
  title     = {{SUSHI:} an exquisite recipe for fully documented, reproducible and
               reusable {NGS} data analysis},
  journal   = {{BMC} Bioinformatics},
  volume    = {17},
  pages     = {228},
  year      = {2016},
  url       = {https://doi.org/10.1186/s12859-016-1104-8},
  doi       = {10.1186/s12859-016-1104-8},
  timestamp = {Fri, 26 May 2017 22:52:07 +0200},
  biburl    = {https://dblp.org/rec/bib/journals/bmcbi/HatakeyamaORQSR16},
  bibsource = {dblp computer science bibliography, https://dblp.org}
}

@article{DBLP:journals/bioinformatics/MenegidioJON18,
  author    = {Fabiano B. Menegidio and
               Daniela L. Jabes and
               Regina Costa de Oliveira and
               Luiz R. Nunes},
  title     = {Dugong: a Docker image, based on {Ubuntu Linux}, focused on reproducibility
               and replicability for bioinformatics analyses},
  journal   = {Bioinformatics},
  volume    = {34},
  number    = {3},
  pages     = {514--515},
  year      = {2018},
  url       = {https://doi.org/10.1093/bioinformatics/btx554},
  doi       = {10.1093/bioinformatics/btx554},
  timestamp = {Thu, 15 Feb 2018 17:56:02 +0100},
  biburl    = {https://dblp.org/rec/bib/journals/bioinformatics/MenegidioJON18},
  bibsource = {dblp computer science bibliography, https://dblp.org}
}

@article{DBLP:journals/cmpb/Lopez-Fernandez18,
  author    = {Hugo L{\'{o}}pez{-}Fern{\'{a}}ndez and
               Jose E. Ara{\'{u}}jo and
               Susana Jorge and
               Daniel Glez{-}Pe{\~{n}}a and
               Miguel Reboiro{-}Jato and
               Hugo Miguel Santos and
               Florentino Fdez{-}Riverola and
               Jos{\'{e}} L. Capelo},
  title     = {{S2P:} {A} software tool to quickly carry out reproducible biomedical
               research projects involving 2D-gel and {MALDI-TOF} {MS} protein data},
  journal   = {Computer Methods and Programs in Biomedicine},
  volume    = {155},
  pages     = {1--9},
  year      = {2018},
  url       = {https://doi.org/10.1016/j.cmpb.2017.11.024},
  doi       = {10.1016/j.cmpb.2017.11.024},
  timestamp = {Fri, 23 Feb 2018 14:51:19 +0100},
  biburl    = {https://dblp.org/rec/bib/journals/cmpb/Lopez-Fernandez18},
  bibsource = {dblp computer science bibliography, https://dblp.org}
}